[gd_scene load_steps=22 format=3 uid="uid://s65pk3yrarm"]

[ext_resource type="Shader" uid="uid://dl44ihhbbe7fa" path="res://Tsuneda/blackhole.tres" id="1_ym0vx"]
[ext_resource type="Texture2D" uid="uid://bjkjk3by8xb6m" path="res://Tsuneda/Textures/kenney_particle-pack/PNG (Transparent)/circle_04.png" id="2_rx3jp"]
[ext_resource type="Texture2D" uid="uid://dikoqi3yv2mmi" path="res://Tsuneda/Textures/kenney_particle-pack/PNG (Transparent)/circle_03.png" id="3_6d46m"]

[sub_resource type="Gradient" id="Gradient_p34pf"]
offsets = PackedFloat32Array(0.378531, 0.573446, 0.627119, 0.652542)
colors = PackedColorArray(0, 0, 0, 1, 0.136454, 0.0473341, 0.256194, 1, 0.191196, 0.0434179, 0.30652, 1, 0.785545, 0.00089966, 0.852914, 1)

[sub_resource type="GradientTexture1D" id="GradientTexture1D_ubhr1"]
gradient = SubResource("Gradient_p34pf")
use_hdr = true

[sub_resource type="ShaderMaterial" id="ShaderMaterial_uoe2f"]
render_priority = 0
shader = ExtResource("1_ym0vx")
shader_parameter/Gradient = SubResource("GradientTexture1D_ubhr1")

[sub_resource type="SphereMesh" id="SphereMesh_1maph"]
material = SubResource("ShaderMaterial_uoe2f")

[sub_resource type="Curve" id="Curve_g7le1"]
_data = [Vector2(0, 0.536842), 0.0, 0.0, 0, 0, Vector2(1, 0.936842), 0.0, 0.0, 0, 0]
point_count = 2

[sub_resource type="CurveTexture" id="CurveTexture_gvn36"]
curve = SubResource("Curve_g7le1")

[sub_resource type="ParticleProcessMaterial" id="ParticleProcessMaterial_1nhpo"]
gravity = Vector3(0, 0, 0)
scale_min = 2.5
scale_max = 2.5
scale_curve = SubResource("CurveTexture_gvn36")
color = Color(0.827451, 0, 0.835294, 0.494118)

[sub_resource type="StandardMaterial3D" id="StandardMaterial3D_nf6ms"]
transparency = 1
blend_mode = 1
shading_mode = 0
vertex_color_use_as_albedo = true
albedo_texture = ExtResource("2_rx3jp")
billboard_mode = 3
billboard_keep_scale = true
particles_anim_h_frames = 1
particles_anim_v_frames = 1
particles_anim_loop = false

[sub_resource type="QuadMesh" id="QuadMesh_jbd2i"]
material = SubResource("StandardMaterial3D_nf6ms")

[sub_resource type="ParticleProcessMaterial" id="ParticleProcessMaterial_doitj"]
gravity = Vector3(0, 0, 0)
scale_min = 1.7
scale_max = 1.7
color = Color(0.858824, 0.486275, 0.905882, 1)

[sub_resource type="StandardMaterial3D" id="StandardMaterial3D_j5il4"]
transparency = 1
blend_mode = 1
shading_mode = 0
vertex_color_use_as_albedo = true
albedo_texture = ExtResource("3_6d46m")
billboard_mode = 3
billboard_keep_scale = true
particles_anim_h_frames = 1
particles_anim_v_frames = 1
particles_anim_loop = false

[sub_resource type="QuadMesh" id="QuadMesh_rrd5q"]
material = SubResource("StandardMaterial3D_j5il4")

[sub_resource type="Curve" id="Curve_ch7yj"]
_data = [Vector2(0, 0.557895), 0.0, 0.0, 0, 0, Vector2(1, 1), 0.0, 0.0, 0, 0]
point_count = 2

[sub_resource type="CurveTexture" id="CurveTexture_7rgbt"]
curve = SubResource("Curve_ch7yj")

[sub_resource type="ParticleProcessMaterial" id="ParticleProcessMaterial_4omee"]
gravity = Vector3(0, 0, 0)
scale_min = 2.0
scale_max = 2.0
scale_curve = SubResource("CurveTexture_7rgbt")
color = Color(0.496948, 0.00326673, 0.940797, 1)

[sub_resource type="Curve" id="Curve_dig25"]
_data = [Vector2(0, 0.568421), 0.0, 0.0, 0, 0, Vector2(1, 1), 0.0, 0.0, 0, 0]
point_count = 2

[sub_resource type="CurveTexture" id="CurveTexture_wfi1i"]
curve = SubResource("Curve_dig25")

[sub_resource type="ParticleProcessMaterial" id="ParticleProcessMaterial_8ccyc"]
gravity = Vector3(0, 0, 0)
scale_min = 3.0
scale_max = 3.0
scale_curve = SubResource("CurveTexture_wfi1i")
color = Color(0.498039, 0.00392157, 0.941176, 1)

[node name="Blackhole" type="Node3D"]

[node name="MeshInstance3D" type="MeshInstance3D" parent="."]
mesh = SubResource("SphereMesh_1maph")

[node name="Rings2" type="GPUParticles3D" parent="."]
amount = 3
lifetime = 8.0
speed_scale = 2.0
local_coords = true
process_material = SubResource("ParticleProcessMaterial_1nhpo")
draw_pass_1 = SubResource("QuadMesh_jbd2i")

[node name="Rings5" type="GPUParticles3D" parent="."]
amount = 3
lifetime = 8.0
speed_scale = 2.0
local_coords = true
process_material = SubResource("ParticleProcessMaterial_doitj")
draw_pass_1 = SubResource("QuadMesh_rrd5q")

[node name="Rings3" type="GPUParticles3D" parent="."]
amount = 3
lifetime = 8.0
speed_scale = 2.0
local_coords = true
process_material = SubResource("ParticleProcessMaterial_4omee")
draw_pass_1 = SubResource("QuadMesh_jbd2i")

[node name="Rings4" type="GPUParticles3D" parent="."]
amount = 3
lifetime = 8.0
speed_scale = 2.0
local_coords = true
process_material = SubResource("ParticleProcessMaterial_8ccyc")
draw_pass_1 = SubResource("QuadMesh_jbd2i")
